%% This BibTeX bibliography file was created using BibDesk.
%% http://bibdesk.sourceforge.net/
% Encoding: UTF-8

@article{hughes2015open,
  title={An open access repository of images on plant health to enable the development of mobile disease diagnostics},
  author={Hughes, David and Salath{\'e}, Marcel and others},
  journal={arXiv preprint arXiv:1511.08060},
  year={2015}
}

@article{simonyan2014very,
  title={Very deep convolutional networks for large-scale image recognition},
  author={Simonyan, Karen and Zisserman, Andrew},
  journal={arXiv preprint arXiv:1409.1556},
  year={2014}
}
